@Book{ Knuth:89,
  AUTHOR     = {Donald E. Knuth},
  YEAR       = {1989},
  TITLE      = {{The TeX Book}},
  PUBLISHER  = {Addison-Wesley},
  edition    = {15th},
}

@InCollection{ Smith:99,
  AUTHOR     = {A. Smith and B. Jones},
  YEAR       = {1999},
  TITLE      = {{On the Complexity of Computing}},
  editor     = {A. B. Smith-Jones},
  BOOKTITLE  = {Advances in Computer Science},
  PUBLISHER  = {Publishing Press},
  pages      = {555-566},
}


@Misc{ Berners-Lee:2002,
  AUTHOR       = {R. Berners-Lee and T. Swick},
  YEAR         = {2002},
  TITLE        = {{Semantic Web Development}},
  howpublished = {\url{http://www.w3.org/2002}, último acesso em Agosto de 2003},
}


@Misc{ Marc21:2004,
  AUTHOR       = {Library of Congress},
  YEAR         = {2004},
  TITLE        = {{MARC 21 Reference Materials}},
  howpublished = {\url{http://www.loc.gov/marc/umb/um11to12.html}, acessado em outubro de 2004},
}

__________________________________________________
Observação: os campos em MAIÚSCULO são obrigatórios


Journal article

@Article{ label,
  AUTHOR     = {},
  YEAR       = {},
  TITLE      = {},
  JOURNAL    = {},
  volume     = {},
  number     = {},
  pages      = {},
  month      = {},
  keywords   = {},
  summary    = {},
}
 

Journal article (to appear)

@Article{ label,
  AUTHOR     = {},
  YEAR       = {},
  TITLE      = {},
  JOURNAL    = {},
  volume     = {},
  number     = {},
  pages      = {},
  month      = {},
  keywords   = {},
  summary    = {},
  note       = {to appear},
}
 

Article (in refereed proceedings)

@InProceedings{ label,
  AUTHOR       = {},
  YEAR         = {},
  TITLE        = {},
  BOOKTITLE    = {},
  editor       = {},
  publisher    = {},
  organization = {},
  address      = {},
  series       = {},
  volume       = {},
  pages        = {},
  month        = {},
  keywords     = {},
  summary      = {},
}
 

Article (in unrefereed proceedings)

@InProceedings{ label,
  AUTHOR       = {},
  YEAR         = {},
  TITLE        = {},
  BOOKTITLE    = {},
  editor       = {},
  publisher    = {},
  organization = {},
  address      = {},
  series       = {},
  volume       = {},
  pages        = {},
  month        = {},
  keywords     = {},
  summary      = {},
}
 

Book

@Book{ label,
  AUTHOR     = {},
  YEAR       = {},
  TITLE      = {},
  PUBLISHER  = {},
  address    = {},
  series     = {},
  volume     = {},
  pages      = {},
  month      = {},
  edition    = {},
  keywords   = {},
  summary    = {},
}
 
@Booklet{ label,
  AUTHOR     = {},
  YEAR       = {},
  TITLE      = {},
  pages      = {},
  month      = {},
  keywords   = {},
  summary    = {},
}
 

Edited Book, Edited Proceedings

@Book{ label,
  EDITOR     = {},
  YEAR       = {},
  TITLE      = {},
  PUBLISHER  = {},
  address    = {},
  series     = {},
  volume     = {},
  pages      = {},
  edition    = {},
  month      = {},
  keywords   = {},
  summary    = {},
}
 
@Proceedings{ label,
  editor       = {},
  YEAR         = {},
  TITLE        = {},
  publisher    = {},
  organization = {},
  address      = {},
  series       = {},
  volume       = {},
  pages        = {},
  month        = {},
  keywords     = {},
  summary      = {},
}
 
@Booklet{ label,
  editor       = {},
  YEAR         = {},
  TITLE        = {},
  howpublished = {},
  address      = {},
  pages        = {},
  month        = {},
  keywords     = {},
  summary      = {},
}
 

Contribution to Book

@InBook{ label,
  AUTHOR     = {},
  YEAR       = {},
  TITLE      = {},
  editor     = {},
  PUBLISHER  = {},
  address    = {},
  type       = {},
  series     = {},
  volume     = {},
  CHAPTER    = {},
  PAGES      = {},
  month      = {},
  edition    = {},
  keywords   = {},
  summary    = {},
}
 
@InCollection{ label,
  AUTHOR     = {},
  YEAR       = {},
  TITLE      = {},
  editor     = {},
  BOOKTITLE  = {},
  PUBLISHER  = {},
  address    = {},
  series     = {},
  volume     = {},
  pages      = {},
  edition    = {},
  month      = {},
  keywords   = {},
  summary    = {},
}
 

Master's thesis

@MastersThesis{ label,
  AUTHOR     = {},
  YEAR       = {},
  TITLE      = {},
  SCHOOL     = {},
  address    = {},
  month      = {},
  keywords   = {},
  summary    = {},
}
 

Ph.D. thesis

@PhDThesis{ label,
  AUTHOR     = {},
  YEAR       = {},
  TITLE      = {},
  SCHOOL     = {},
  address    = {},
  month      = {},
  keywords   = {},
  summary    = {},
}
 

Dr.Scient. thesis

@PhDThesis{ label,
  AUTHOR     = {},
  YEAR       = {},
  TITLE      = {},
  SCHOOL     = {},
  address    = {},
  type       = {Dr.Scient. afhandling},
  month      = {},
  keywords   = {},
  summary    = {},
}
 

Technical report

@TechReport{ label,
  AUTHOR      = {},
  YEAR        = {},
  TITLE       = {},
  INSTITUTION = {},
  address     = {},
  type        = {},
  number      = {},
  month       = {},
  keywords    = {},
  summary     = {},
}
 

Review

@Misc{ label,
  AUTHOR       = {},
  YEAR         = {},
  TITLE        = {},
  howpublished = {},
  month        = {},
  keywords     = {},
  summary      = {},
}
 

Manual

@Manual{ label,
  author       = {},
  YEAR         = {},
  TITLE        = {},
  organization = {},
  address      = {},
  month        = {},
  edition      = {},
  keywords     = {},
  summary      = {},
}
 

Expository publication

@Article{ label,
  AUTHOR     = {},
  YEAR       = {},
  TITLE      = {},
  JOURNAL    = {},
  volume     = {},
  number     = {},
  pages      = {},
  month      = {},
  keywords   = {},
  summary    = {},
}
 
@InProceedings{ label,
  AUTHOR       = {},
  YEAR         = {},
  TITLE        = {},
  BOOKTITLE    = {},
  editor       = {},
  publisher    = {},
  organization = {},
  address      = {},
  series       = {},
  volume       = {},
  pages        = {},
  month        = {},
  keywords     = {},
  summary      = {},
}
 
@Misc{ label,
  AUTHOR       = {},
  YEAR         = {},
  TITLE        = {},
  howpublished = {},
  month        = {},
  keywords     = {},
  summary      = {},
}
 

Educational material

@Book{ label,
  AUTHOR     = {},
  YEAR       = {},
  TITLE      = {},
  PUBLISHER  = {},
  address    = {},
  series     = {},
  volume     = {},
  pages      = {},
  month      = {},
  edition    = {},
  keywords   = {},
  summary    = {},
}
 
@Booklet{ label,
  AUTHOR       = {},
  YEAR         = {},
  TITLE        = {},
  howpublished = {},
  address      = {},
  pages        = {},
  month        = {},
  keywords     = {},
  summary      = {},
}
 
@Misc{ label,
  AUTHOR       = {},
  YEAR         = {},
  TITLE        = {},
  howpublished = {},
  month        = {},
  keywords     = {},
  summary      = {},
}
 

Unpublished material (working paper, etc.)

@Unpublished{ label,
  AUTHOR     = {},
  YEAR       = {},
  TITLE      = {},
  NOTE       = {},
  month      = {},
  keywords   = {},
  summary    = {},
}
